%YAML 1.1
%TAG !u! tag:unity3d.com,2011:
--- !u!1 &8673161049079073186
GameObject:
  m_ObjectHideFlags: 0
  m_CorrespondingSourceObject: {fileID: 0}
  m_PrefabInstance: {fileID: 0}
  m_PrefabAsset: {fileID: 0}
  serializedVersion: 6
  m_Component:
  - component: {fileID: 8292977018542002968}
  - component: {fileID: 4952069788636781757}
  - component: {fileID: 7160088395072628855}
  - component: {fileID: 1583956502518304883}
  - component: {fileID: 7935468072136300546}
  - component: {fileID: -8413090765310046146}
  - component: {fileID: -4836591002602699594}
  m_Layer: 0
  m_Name: Broken table
  m_TagString: Memory
  m_Icon: {fileID: 0}
  m_NavMeshLayer: 0
  m_StaticEditorFlags: 0
  m_IsActive: 1
--- !u!4 &8292977018542002968
Transform:
  m_ObjectHideFlags: 0
  m_CorrespondingSourceObject: {fileID: 0}
  m_PrefabInstance: {fileID: 0}
  m_PrefabAsset: {fileID: 0}
  m_GameObject: {fileID: 8673161049079073186}
  m_LocalRotation: {x: -0.7071068, y: 0, z: -0, w: 0.7071067}
  m_LocalPosition: {x: -3.626478, y: 4.51152, z: 8.032705}
  m_LocalScale: {x: 100, y: 100, z: 100}
  m_Children: []
  m_Father: {fileID: 0}
  m_RootOrder: 0
  m_LocalEulerAnglesHint: {x: 0, y: 0, z: 0}
--- !u!33 &4952069788636781757
MeshFilter:
  m_ObjectHideFlags: 0
  m_CorrespondingSourceObject: {fileID: 0}
  m_PrefabInstance: {fileID: 0}
  m_PrefabAsset: {fileID: 0}
  m_GameObject: {fileID: 8673161049079073186}
  m_Mesh: {fileID: -6692290496178104961, guid: 8a74651c123ab91409f60dd81243b094, type: 3}
--- !u!23 &7160088395072628855
MeshRenderer:
  m_ObjectHideFlags: 0
  m_CorrespondingSourceObject: {fileID: 0}
  m_PrefabInstance: {fileID: 0}
  m_PrefabAsset: {fileID: 0}
  m_GameObject: {fileID: 8673161049079073186}
  m_Enabled: 1
  m_CastShadows: 1
  m_ReceiveShadows: 1
  m_DynamicOccludee: 1
  m_MotionVectors: 1
  m_LightProbeUsage: 1
  m_ReflectionProbeUsage: 1
  m_RayTracingMode: 2
  m_RayTraceProcedural: 0
  m_RenderingLayerMask: 1
  m_RendererPriority: 0
  m_Materials:
  - {fileID: 2100000, guid: 0d2895d86fa75924897cc7d6910ec4ea, type: 2}
  m_StaticBatchInfo:
    firstSubMesh: 0
    subMeshCount: 0
  m_StaticBatchRoot: {fileID: 0}
  m_ProbeAnchor: {fileID: 0}
  m_LightProbeVolumeOverride: {fileID: 0}
  m_ScaleInLightmap: 1
  m_ReceiveGI: 1
  m_PreserveUVs: 0
  m_IgnoreNormalsForChartDetection: 0
  m_ImportantGI: 0
  m_StitchLightmapSeams: 1
  m_SelectedEditorRenderState: 3
  m_MinimumChartSize: 4
  m_AutoUVMaxDistance: 0.5
  m_AutoUVMaxAngle: 89
  m_LightmapParameters: {fileID: 0}
  m_SortingLayerID: 0
  m_SortingLayer: 0
  m_SortingOrder: 0
  m_AdditionalVertexStreams: {fileID: 0}
--- !u!65 &1583956502518304883
BoxCollider:
  m_ObjectHideFlags: 0
  m_CorrespondingSourceObject: {fileID: 0}
  m_PrefabInstance: {fileID: 0}
  m_PrefabAsset: {fileID: 0}
  m_GameObject: {fileID: 8673161049079073186}
  m_Material: {fileID: 0}
  m_IsTrigger: 0
  m_Enabled: 1
  serializedVersion: 2
  m_Size: {x: 0.022919213, y: 0.008999998, z: 0.007602872}
  m_Center: {x: 0.0019195555, y: 0.005499999, z: -0.0062141395}
--- !u!114 &7935468072136300546
MonoBehaviour:
  m_ObjectHideFlags: 0
  m_CorrespondingSourceObject: {fileID: 0}
  m_PrefabInstance: {fileID: 0}
  m_PrefabAsset: {fileID: 0}
  m_GameObject: {fileID: 8673161049079073186}
  m_Enabled: 1
  m_EditorHideFlags: 0
  m_Script: {fileID: 11500000, guid: b021a5c4231aaeb448d3a00433414a23, type: 3}
  m_Name: 
  m_EditorClassIdentifier: 
  OnBeginHovering:
    m_PersistentCalls:
      m_Calls: []
  OnStopHovering:
    m_PersistentCalls:
      m_Calls: []
  OnInteract:
    m_PersistentCalls:
      m_Calls: []
  OnInteractFinish:
    m_PersistentCalls:
      m_Calls: []
  OnInteractForTheFirstTime:
    m_PersistentCalls:
      m_Calls: []
  OnInteractForTheFirstTimeFinish:
    m_PersistentCalls:
      m_Calls: []
  badOrGoodObject: 0
  story: "\u201COne evening my uncle and I had a fight. He smashed my head onto the
    dining table and it Cracked my skull. I was lucky to have survived.\u201D"
  image: {fileID: 21300000, guid: 1327bc1b66238c3489f818c785b69cbf, type: 3}
  hasBeenInteracted: 0
--- !u!114 &-8413090765310046146
MonoBehaviour:
  m_ObjectHideFlags: 0
  m_CorrespondingSourceObject: {fileID: 0}
  m_PrefabInstance: {fileID: 0}
  m_PrefabAsset: {fileID: 0}
  m_GameObject: {fileID: 8673161049079073186}
  m_Enabled: 1
  m_EditorHideFlags: 0
  m_Script: {fileID: 11500000, guid: 7eb5c8f8fe68af34093619ebf77f5f68, type: 3}
  m_Name: 
  m_EditorClassIdentifier: 
  PlayEvent: 0
  StopEvent: 0
  triggers: []
--- !u!114 &-4836591002602699594
MonoBehaviour:
  m_ObjectHideFlags: 0
  m_CorrespondingSourceObject: {fileID: 0}
  m_PrefabInstance: {fileID: 0}
  m_PrefabAsset: {fileID: 0}
  m_GameObject: {fileID: 8673161049079073186}
  m_Enabled: 1
  m_EditorHideFlags: 0
  m_Script: {fileID: 11500000, guid: 9a6610d2e704f1648819acc8d7460285, type: 3}
  m_Name: 
  m_EditorClassIdentifier: 
  CollisionTag: 
  Event: 
  PlayEvent: 0
  StopEvent: 0
  AllowFadeout: 1
  TriggerOnce: 0
  Preload: 0
  Params: []
  OverrideAttenuation: 0
  OverrideMinDistance: -1
  OverrideMaxDistance: -1
