%YAML 1.1
%TAG !u! tag:unity3d.com,2011:
--- !u!1 &659012957479633706
GameObject:
  m_ObjectHideFlags: 0
  m_CorrespondingSourceObject: {fileID: 0}
  m_PrefabInstance: {fileID: 0}
  m_PrefabAsset: {fileID: 0}
  serializedVersion: 6
  m_Component:
  - component: {fileID: 175245005982816656}
  - component: {fileID: 3873451864603973173}
  - component: {fileID: 1307649982716420863}
  - component: {fileID: 424500664542510982}
  - component: {fileID: 424500664542510981}
  - component: {fileID: 2518198828483792551}
  - component: {fileID: 6152121153704171696}
  m_Layer: 0
  m_Name: RustyTelescope
  m_TagString: Memory
  m_Icon: {fileID: 0}
  m_NavMeshLayer: 0
  m_StaticEditorFlags: 0
  m_IsActive: 1
--- !u!4 &175245005982816656
Transform:
  m_ObjectHideFlags: 0
  m_CorrespondingSourceObject: {fileID: 0}
  m_PrefabInstance: {fileID: 0}
  m_PrefabAsset: {fileID: 0}
  m_GameObject: {fileID: 659012957479633706}
  m_LocalRotation: {x: -0.5753911, y: -0.41100496, z: 0.41100487, w: 0.5753912}
  m_LocalPosition: {x: 0, y: 1.46, z: 0}
  m_LocalScale: {x: 10, y: 10, z: 10}
  m_Children: []
  m_Father: {fileID: 0}
  m_RootOrder: 0
  m_LocalEulerAnglesHint: {x: 0, y: 0, z: 0}
--- !u!33 &3873451864603973173
MeshFilter:
  m_ObjectHideFlags: 0
  m_CorrespondingSourceObject: {fileID: 0}
  m_PrefabInstance: {fileID: 0}
  m_PrefabAsset: {fileID: 0}
  m_GameObject: {fileID: 659012957479633706}
  m_Mesh: {fileID: 6927951577229720161, guid: 993faaab062163e4e9580bc620816d06, type: 3}
--- !u!23 &1307649982716420863
MeshRenderer:
  m_ObjectHideFlags: 0
  m_CorrespondingSourceObject: {fileID: 0}
  m_PrefabInstance: {fileID: 0}
  m_PrefabAsset: {fileID: 0}
  m_GameObject: {fileID: 659012957479633706}
  m_Enabled: 1
  m_CastShadows: 1
  m_ReceiveShadows: 1
  m_DynamicOccludee: 1
  m_MotionVectors: 1
  m_LightProbeUsage: 1
  m_ReflectionProbeUsage: 1
  m_RayTracingMode: 2
  m_RayTraceProcedural: 0
  m_RenderingLayerMask: 1
  m_RendererPriority: 0
  m_Materials:
  - {fileID: 2100000, guid: 0d2895d86fa75924897cc7d6910ec4ea, type: 2}
  - {fileID: 2100000, guid: ee1fcd9561c9a4f4ea0933efabb96b83, type: 2}
  m_StaticBatchInfo:
    firstSubMesh: 0
    subMeshCount: 0
  m_StaticBatchRoot: {fileID: 0}
  m_ProbeAnchor: {fileID: 0}
  m_LightProbeVolumeOverride: {fileID: 0}
  m_ScaleInLightmap: 1
  m_ReceiveGI: 1
  m_PreserveUVs: 0
  m_IgnoreNormalsForChartDetection: 0
  m_ImportantGI: 0
  m_StitchLightmapSeams: 1
  m_SelectedEditorRenderState: 3
  m_MinimumChartSize: 4
  m_AutoUVMaxDistance: 0.5
  m_AutoUVMaxAngle: 89
  m_LightmapParameters: {fileID: 0}
  m_SortingLayerID: 0
  m_SortingLayer: 0
  m_SortingOrder: 0
  m_AdditionalVertexStreams: {fileID: 0}
--- !u!135 &424500664542510982
SphereCollider:
  m_ObjectHideFlags: 0
  m_CorrespondingSourceObject: {fileID: 0}
  m_PrefabInstance: {fileID: 0}
  m_PrefabAsset: {fileID: 0}
  m_GameObject: {fileID: 659012957479633706}
  m_Material: {fileID: 0}
  m_IsTrigger: 0
  m_Enabled: 1
  serializedVersion: 2
  m_Radius: 0.12
  m_Center: {x: -0.07647075, y: 0.0008000351, z: 0.081777565}
--- !u!114 &424500664542510981
MonoBehaviour:
  m_ObjectHideFlags: 0
  m_CorrespondingSourceObject: {fileID: 0}
  m_PrefabInstance: {fileID: 0}
  m_PrefabAsset: {fileID: 0}
  m_GameObject: {fileID: 659012957479633706}
  m_Enabled: 1
  m_EditorHideFlags: 0
  m_Script: {fileID: 11500000, guid: b021a5c4231aaeb448d3a00433414a23, type: 3}
  m_Name: 
  m_EditorClassIdentifier: 
  OnBeginHovering:
    m_PersistentCalls:
      m_Calls: []
  OnStopHovering:
    m_PersistentCalls:
      m_Calls: []
  OnInteract:
    m_PersistentCalls:
      m_Calls: []
  OnInteractFinish:
    m_PersistentCalls:
      m_Calls: []
  OnInteractForTheFirstTime:
    m_PersistentCalls:
      m_Calls: []
  OnInteractForTheFirstTimeFinish:
    m_PersistentCalls:
      m_Calls: []
  badOrGoodObject: 0
  story: "\u201CMy aunt used to tell me all about the stars and we looked at it for
    hours. She said that it took her mind off the divorce.\u201D"
  image: {fileID: 0}
  hasBeenInteracted: 0
--- !u!114 &2518198828483792551
MonoBehaviour:
  m_ObjectHideFlags: 0
  m_CorrespondingSourceObject: {fileID: 0}
  m_PrefabInstance: {fileID: 0}
  m_PrefabAsset: {fileID: 0}
  m_GameObject: {fileID: 659012957479633706}
  m_Enabled: 1
  m_EditorHideFlags: 0
  m_Script: {fileID: 11500000, guid: 9a6610d2e704f1648819acc8d7460285, type: 3}
  m_Name: 
  m_EditorClassIdentifier: 
  CollisionTag: 
  Event: 
  PlayEvent: 0
  StopEvent: 0
  AllowFadeout: 1
  TriggerOnce: 0
  Preload: 0
  Params: []
  OverrideAttenuation: 0
  OverrideMinDistance: -1
  OverrideMaxDistance: -1
--- !u!114 &6152121153704171696
MonoBehaviour:
  m_ObjectHideFlags: 0
  m_CorrespondingSourceObject: {fileID: 0}
  m_PrefabInstance: {fileID: 0}
  m_PrefabAsset: {fileID: 0}
  m_GameObject: {fileID: 659012957479633706}
  m_Enabled: 1
  m_EditorHideFlags: 0
  m_Script: {fileID: 11500000, guid: 7eb5c8f8fe68af34093619ebf77f5f68, type: 3}
  m_Name: 
  m_EditorClassIdentifier: 
  PlayEvent: 0
  StopEvent: 0
  triggers: []
